@article{DBLP:journals/corr/abs-1811-06719,
  author    = {Mikita Hradovich and
               Adam Kasperski and
               Pawel Zielinski},
  title     = {Robust recoverable 0-1 optimization problems under polyhedral uncertainty},
  journal   = {CoRR},
  volume    = {abs/1811.06719},
  year      = {2018},
  url       = {http://arxiv.org/abs/1811.06719},
  archivePrefix = {arXiv},
  eprint    = {1811.06719},
  timestamp = {Sun, 25 Nov 2018 18:57:12 +0100},
  biburl    = {https://dblp.org/rec/bib/journals/corr/abs-1811-06719},
  bibsource = {dblp computer science bibliography, https://dblp.org}
}